@article{fan2012vast,
  title={Vast portfolio selection with gross-exposure constraints},
  author={Fan, Jianqing and Zhang, Jingjin and Yu, Ke},
  journal={Journal of the American Statistical Association},
  volume={107},
  number={498},
  pages={592--606},
  year={2012},
  publisher={Taylor \& Francis}
}

@article{cai2011constrained,
  title={A constrained â„“ 1 minimization approach to sparse precision matrix estimation},
  author={Cai, Tony and Liu, Weidong and Luo, Xi},
  journal={Journal of the American Statistical Association},
  volume={106},
  number={494},
  pages={594--607},
  year={2011},
  publisher={Taylor \& Francis}
}

@article{basak2009jackknife,
  title={Jackknife estimator for tracking error variance of optimal portfolios},
  author={Basak, Gopal K and Jagannathan, Ravi and Ma, Tongshu},
  journal={Management Science},
  volume={55},
  number={6},
  pages={990--1002},
  year={2009},
  publisher={INFORMS}
}